<record><leader>00000cas a22000007a 4500</leader><controlfield tag="001">27543098</controlfield><controlfield tag="008">930224d19351974nmudn ne      0    0eng d</controlfield><datafield ind1=" " ind2=" " tag="010"><subfield code="a">sn 93061593 </subfield></datafield><datafield ind1=" " ind2=" " tag="040"><subfield code="a">NVM</subfield><subfield code="b">eng</subfield><subfield code="c">NVM</subfield><subfield code="d">OCLCQ</subfield><subfield code="d">OCLCF</subfield><subfield code="d">OCLCO</subfield></datafield><datafield ind1="1" ind2=" " tag="029"><subfield code="a">AU@</subfield><subfield code="b">000020743813</subfield></datafield><datafield ind1=" " ind2=" " tag="042"><subfield code="a">msc</subfield></datafield><datafield ind1=" " ind2=" " tag="043"><subfield code="a">n-us-nm</subfield></datafield><datafield ind1="0" ind2=" " tag="130"><subfield code="a">Raton daily range (Raton, N.M. : 1935)</subfield></datafield><datafield ind1="1" ind2="4" tag="245"><subfield code="a">The Raton daily range.</subfield></datafield><datafield ind1=" " ind2=" " tag="260"><subfield code="a">Raton, Colfax County, N.M. :</subfield><subfield code="b">Karl E. Kirby</subfield></datafield><datafield ind1=" " ind2=" " tag="300"><subfield code="a">v.</subfield></datafield><datafield ind1=" " ind2=" " tag="310"><subfield code="a">Daily (except Saturday and Sunday)</subfield></datafield><datafield ind1="0" ind2=" " tag="362"><subfield code="a">Fifty-fith year, no. 136 (Oct. 28, 1935)-94th year, no. 105 (Sept. 6, 1974).</subfield></datafield><datafield ind1=" " ind2="0" tag="651"><subfield code="a">Raton (N.M.)</subfield><subfield code="v">Newspapers.</subfield></datafield><datafield ind1=" " ind2="0" tag="651"><subfield code="a">Colfax County (N.M.)</subfield><subfield code="v">Newspapers.</subfield></datafield><datafield ind1=" " ind2="7" tag="655"><subfield code="a">Newspapers.</subfield><subfield code="2">fast</subfield><subfield code="0">(OCoLC)fst01423814</subfield></datafield><datafield ind1=" " ind2="7" tag="651"><subfield code="a">New Mexico</subfield><subfield code="z">Colfax County.</subfield><subfield code="2">fast</subfield><subfield code="0">(OCoLC)fst01217271</subfield></datafield><datafield ind1=" " ind2="7" tag="651"><subfield code="a">New Mexico</subfield><subfield code="z">Raton.</subfield><subfield code="2">fast</subfield><subfield code="0">(OCoLC)fst01217272</subfield></datafield><datafield ind1=" " ind2=" " tag="752"><subfield code="a">United States</subfield><subfield code="b">New Mexico</subfield><subfield code="c">Colfax</subfield><subfield code="d">Raton.</subfield></datafield><datafield ind1="0" ind2="0" tag="780"><subfield code="t">Raton range (Raton, N.M. : 1932)</subfield><subfield code="w">(DLC)sn 93061588</subfield></datafield><datafield ind1="0" ind2="0" tag="785"><subfield code="t">Range (Raton, N.M.)</subfield><subfield code="w">(DLC)sn 93061594</subfield></datafield></record>